@misc{mobile2016,
  title={Estudo comparativo entre o desenvolvimento de aplicativos
  movéis utilizando plataformas nativas e multiplataforma},
  author={Beatriz Rezener Dourado Matos, João Gabriel de Britto e Silva},
  year={2016}
}

@book{mobile2009eco,
  title={Mobile Design and Development},
  author={Brian Fling},
  year={2009},
  publisher={O’Reilly Media, Inc., USA}
}

@article{adriel2012titanium,
  title={Desenvolvimento de Cross-Platform Mobile Apps Utilizando o Titanium
    Mobile},
  author={Adriel Almeida Cafe},
  school={Faculdade Zacarias de Góes, FAZAG},
  year={2012}
}

@misc{timo2011cross,
  title={{Smartphone Cross-Platform Frameworks: A Case Study}},
  author={Timo Paananen},
  school={JAMK University of Applied Sciences},
  year={2011},
}

@article{survey2013comparison,
    title={Survey, Comparison and Evaluation of Cross Platform Mobile Application
    Development Tools},
    author={Dalmasso, I. and Kanti, S. and Bonnet, C. and Nikaein, N.},
    journal={EURECOM Sophia Antipolis, France},
    year={2013},
    publisher={IEEE;2013}
}

@misc{devitt2010meeker,
  title={Internet Trends. Morgan Stanley Research},
  author={Devitt, S. and Meeker, M. and Wu, L.},
  year={2010}
}

@article{quatroautores,
	title={Real-time prediction of hand trajectory 
	by ensembles of cortical neurons in primates},
	author={Wessberg, Johan and Stambaugh, Christopher R and 
	Kralik,Jerald D and 
	Beck, Pamela D and Laubach, Mark and 
	Chapin, John K and Kim, Jung and Biggs, S James and 
	Srinivasan, Mandayam A and Nicolelis, Miguel AL},
	journal={Nature},
	volume={408},
	number={6810},
	pages={361--365},
	year={2000},
	publisher={Nature Publishing Group}
}

@book{knuth,
	title={The texbook},
	author={Knuth, D.E. and Bibby, D. and Makai, I.},
	volume={1993},
	year={1986},
	publisher={Addison-Wesley}
}

@misc{lamport,
	title={Document Preparation System},
	author={Lamport, L. and LaTEX, A.},
	year={1994},
	publisher={Addison-Wesley}
}

@MASTERSTHESIS{Maia2011,
	author = { BORGES, J. A. M.},
	TITLE = {Estudo da drogadição gestacional e óbito neonatal},
	SCHOOL = {Universidade Estadual do Ceará, Fortaleza},
	YEAR = {2012},
	type = {Mestrado},
}

@article{mortalidade,
	title={Mortalidade neonatal: fatores de risco em um município no sul do Brasil},
	author={MARAM, E. and UCHIMURA, T. T.},
	journal={Rev. Eletr. Enf.},
	volume={10},
	number={1},
	pages={29-38},
	year={2008},
}

@inproceedings{Huetal2000,
	author = "J. Hu and H.R. Wu and A. Jennings and X. Wang",
	title = "Fast and robust equalization: A case study",
	booktitle = "Proceedings of the World Multiconference on Systemics, Cybernetics and Informatics, (SCI 2000), Florida, USA, 23-26 July 2000",
	publisher = "International Institute of Informatics and Systemics", 
	address = "FL, USA",
	pages = "398--403",
	year = "2000"
}

@book{tresautores,
	title={Resiliência: enfatizando a proteção dos 	adolescentes},
	author={ASSIS, S. G and  AVANCI, J. Q. and PESCE, R. P.},
	year={2005},
	address={Porto Alegre: Artmed},
}
